@article{QFT,
    author = {J.-B. Zuber, C. Itzykson},
    title = {Quantum Field Theory},
    journal = {New York McGraw-Hill International Book Co}
}

@article{PEP,
    author = {S. D. Glazek},
    title = {Perturbative formulae for relativistic interactions of effective particles},
    journal = {Acta Phys.Polon.B 43 },
    year = {2012}
}

@article{QCDG,
    author =  {M. Gómez-Rocha, S. D. Głazek},
    title = {Asymptotic freedom in the front-form Hamiltonian for quantum chromodynamics of gluons},
    journal = {Phys.Rev.D 92},
    year = {2015}
}

@article{dirac_front_forms_1949,
	title = {Forms of {Relativistic} {Dynamics}},
	volume = {21},
	copyright = {http://link.aps.org/licenses/aps-default-license},
	issn = {0034-6861},
	url = {https://link.aps.org/doi/10.1103/RevModPhys.21.392},
	doi = {10.1103/RevModPhys.21.392},
	language = {en},
	number = {3},
	urldate = {2025-04-30},
	journal = {Reviews of Modern Physics},
	author = {Dirac, P. A. M.},
	month = jul,
	year = {1949},
	pages = {392--399},
	file = {PDF:C\:\\Users\\liuge\\Zotero\\storage\\6QQ5HSM2\\Dirac - 1949 - Forms of Relativistic Dynamics.pdf:application/pdf},
}