@article{QFT,
    author = {J.-B. Zuber, C. Itzykson},
    title = {Quantum Field Theory},
    journal = {New York McGraw-Hill International Book Co}
}

@article{PEP,
    author = {S. D. Głazek},
    title = {Perturbative formulae for relativistic interactions of effective particles},
    journal = {Acta Phys.Polon.B 43 },
    year = {2012}
}

@article{QCDG,
    author =  {M. Gómez-Rocha, S. D. Głazek},
    title = {Asymptotic freedom in the front-form Hamiltonian for quantum chromodynamics of gluons},
    journal = {Phys.Rev.D 92},
    year = {2015}
}

@article{dirac_front_forms_1949,
	title = {Forms of {Relativistic} {Dynamics}},
	volume = {21},
	copyright = {http://link.aps.org/licenses/aps-default-license},
	issn = {0034-6861},
	url = {https://link.aps.org/doi/10.1103/RevModPhys.21.392},
	doi = {10.1103/RevModPhys.21.392},
	language = {en},
	number = {3},
	urldate = {2025-04-30},
	journal = {Reviews of Modern Physics},
	author = {Dirac, P. A. M.},
	month = jul,
	year = {1949},
	pages = {392--399},
	file = {PDF:C\:\\Users\\liuge\\Zotero\\storage\\6QQ5HSM2\\Dirac - 1949 - Forms of Relativistic Dynamics.pdf:application/pdf},
}


@article{glazek_renormalization_1993,
	title = {Renormalization of overlapping transverse divergences in a model light-front {Hamiltonian}},
	volume = {47},
	copyright = {http://link.aps.org/licenses/aps-default-license},
	issn = {0556-2821},
	url = {https://link.aps.org/doi/10.1103/PhysRevD.47.4657},
	doi = {10.1103/physrevd.47.4657},
	language = {en},
	number = {10},
	urldate = {2025-05-01},
	journal = {Physical Review D},
	author = {Głazek, Stanisław D. and Wilson, Kenneth G.},
	month = may,
	year = {1993},
	note = {Publisher: American Physical Society (APS)},
	pages = {4657--4669},
	file = {PDF:/Users/zhuozhuoliu/Zotero/storage/3TQ7P4HB/Głazek and Wilson - 1993 - Renormalization of overlapping transverse divergences in a model light-front Hamiltonian.pdf:application/pdf},
}

@ARTICLE{1932ZPhy...75..622F,
       author = {{Fock}, V.},
        title = "{Konfigurationsraum und zweite Quantelung}",
      journal = {Zeitschrift fur Physik},
         year = 1932,
        month = sep,
       volume = {75},
       number = {9-10},
        pages = {622-647},
          doi = {10.1007/BF01344458},
       adsurl = {https://ui.adsabs.harvard.edu/abs/1932ZPhy...75..622F},
      adsnote = {Provided by the SAO/NASA Astrophysics Data System}
}

@article{glazek_dynamics_2001,
	title = {Dynamics of effective gluons},
	volume = {63},
	copyright = {http://link.aps.org/licenses/aps-default-license},
	issn = {0556-2821, 1089-4918},
	url = {https://link.aps.org/doi/10.1103/PhysRevD.63.116006},
	doi = {10.1103/PhysRevD.63.116006},
	language = {en},
	number = {11},
	urldate = {2025-05-16},
	journal = {Physical Review D},
	author = {Głazek, S. D.},
	month = may,
	year = {2001},
	pages = {116006},
}

@book{Peskin:1995ev,
  added-at = {2010-06-06T21:01:27.000+0200},
  author = {Peskin, Michael Edward and Schroeder, Daniel V.},
  biburl = {https://www.bibsonomy.org/bibtex/26a68f04983505fac8d80bd21e00a1d6f/wc},
  description = {SPIRES-HEP: FIND KEY 3485960},
  interhash = {e839db5bd06e66a35503aa936e299a0d},
  intrahash = {6a68f04983505fac8d80bd21e00a1d6f},
  keywords = {diplom field peskin qft quantum schroeder theory},
  note = {Reading, USA: Addison-Wesley (1995) 842 p},
  publisher = {Westview Press},
  timestamp = {2010-11-17T12:34:45.000+0100},
  title = {{An Introduction to Quantum Field Theory}},
  year = 1995
}

@article{Brodsky_1998,
   title={Quantum chromodynamics and other field theories on the light cone},
   volume={301},
   ISSN={0370-1573},
   url={http://dx.doi.org/10.1016/S0370-1573(97)00089-6},
   DOI={10.1016/s0370-1573(97)00089-6},
   number={4–6},
   journal={Physics Reports},
   publisher={Elsevier BV},
   author={Brodsky, Stanley J. and Pauli, Hans-Christian and Pinsky, Stephen S.},
   year={1998},
   month=aug, pages={299–486} }

@book{Bjorken:100769,
      author        = "Bjorken, James D and Drell, Sidney David",
      title         = "{Relativistic quantum mechanics}",
      publisher     = "McGraw-Hill",
      address       = "New York, NY",
      series        = "International series in pure and applied physics",
      year          = "1964",
      url           = "https://cds.cern.ch/record/100769",
}

@ARTICLE{1983RvMP...55..583W,
       author = {{Wilson}, Kenneth G.},
        title = "{The renormalization group and critical phenomena}",
      journal = {Reviews of Modern Physics},
         year = 1983,
        month = jul,
       volume = {55},
       number = {3},
        pages = {583-600},
          doi = {10.1103/RevModPhys.55.583},
       adsurl = {https://ui.adsabs.harvard.edu/abs/1983RvMP...55..583W},
      adsnote = {Provided by the SAO/NASA Astrophysics Data System}
}

@article{PhysRevD.48.5863,
  title = {Renormalization of Hamiltonians},
  author = {G\l{}azek, Stanis\l{}aw D. and Wilson, Kenneth G.},
  journal = {Phys. Rev. D},
  volume = {48},
  issue = {12},
  pages = {5863--5872},
  numpages = {0},
  year = {1993},
  month = {Dec},
  publisher = {American Physical Society},
  doi = {10.1103/PhysRevD.48.5863},
  url = {https://link.aps.org/doi/10.1103/PhysRevD.48.5863}
}

@book{Collins_1984, place={Cambridge}, series={Cambridge Monographs on Mathematical Physics}, title={Renormalization: An Introduction to Renormalization, the Renormalization Group and the Operator-Product Expansion}, publisher={Cambridge University Press}, author={Collins, John C.}, year={1984}, collection={Cambridge Monographs on Mathematical Physics}}

@article{Noether1918,
author = {Noether, E.},
journal = {Nachrichten von der Gesellschaft der Wissenschaften zu Göttingen, Mathematisch-Physikalische Klasse},
language = {ger},
pages = {235-257},
title = {Invariante Variationsprobleme},
url = {http://eudml.org/doc/59024},
volume = {1918},
year = {1918},
}

@article{Glazek:1997gt,
    author = "Glazek, Stanislaw D. and Wilson, Kenneth G.",
    title = "{Asymptotic freedom and bound states in Hamiltonian dynamics}",
    eprint = "hep-th/9707028",
    archivePrefix = "arXiv",
    reportNumber = "IFT-8-97",
    doi = "10.1103/PhysRevD.57.3558",
    journal = "Phys. Rev. D",
    volume = "57",
    pages = "3558--3566",
    year = "1998"
}

@article{Wilson:1994fk,
    author = "Wilson, Kenneth G. and Walhout, Timothy S. and Harindranath, Avaroth and Zhang, Wei-Min and Perry, Robert J. and Glazek, Stanislaw D.",
    title = "{Nonperturbative QCD: A Weak coupling treatment on the light front}",
    eprint = "hep-th/9401153",
    archivePrefix = "arXiv",
    doi = "10.1103/PhysRevD.49.6720",
    journal = "Phys. Rev. D",
    volume = "49",
    pages = "6720--6766",
    year = "1994"
}

@article{Glazek:1994qc,
    author = "Glazek, Stanislaw D. and Wilson, K. G.",
    title = "{Perturbative renormalization group for Hamiltonians}",
    doi = "10.1103/PhysRevD.49.4214",
    journal = "Phys. Rev. D",
    volume = "49",
    pages = "4214--4218",
    year = "1994"
}
@software{Liu_Computational_tools_for_2025,
author = {Liu, ZhuoZhuo},
month = jun,
title = {{Computational tools for perturbative calculations in renormalization of Hamiltonian}},
howpublished = {\url{https://github.com/liuzhuozhuo/edp-renormalization}},
version = {0.1.0},
year = {2025}
}